@inproceedings{zeiler2014visualizing,
  title={Visualizing and understanding convolutional networks},
  author={Zeiler, Matthew D and Fergus, Rob},
  booktitle={European conference on computer vision},
  pages={818--833},
  year={2014},
  organization={Springer}
}

@article{simonyan2013deep,
  title={Deep inside convolutional networks: Visualising image classification models and saliency maps},
  author={Simonyan, Karen and Vedaldi, Andrea and Zisserman, Andrew},
  journal={arXiv preprint arXiv:1312.6034},
  year={2013}
}

@article{erhan2009visualizing,
  title={Visualizing higher-layer features of a deep network},
  author={Erhan, Dumitru and Bengio, Yoshua and Courville, Aaron and Vincent, Pascal},
  journal={University of Montreal},
  volume={1341},
  pages={3},
  year={2009}
}
